%% This BibTeX bibliography file was created using BibDesk.
%% https://bibdesk.sourceforge.io/

%% Created for Zdenko Kano≈° at 2023-09-28 12:30:56 +0200 


%% Saved with string encoding Unicode (UTF-8) 



@book{Coplien:MPD,
	author = {James O. Coplien},
	publisher = {Addison-Wesley},
	title = {Multi-Paradigm Design for C++},
	year = 199}

@article{Czarnecki:Staged,
	author = {Krzysztof Czarnecki and Simon Helsen and Ulrich Eisenecker},
	issue = 2,
	journal = {Software Process: Improvement and Practice},
	month = apr # {/} # jun,
	pages = {143--169},
	title = {Staged Configuration Through Specialization and Multi-Level Configuration of Feature Models},
	volume = 10,
	year = {2005}}

@inproceedings{Czarnecki:Progress,
	address = {San Diego, USA},
	author = {Krzysztof Czarnecki and Chang Hwan Peter Kim},
	booktitle = {International Workshop on Software Factories, OOPSLA 2005},
	month = oct,
	title = {Cardinality-Based Feature Modeling and Constraints: A Progress Report},
	year = {2005},
	bdsk-file-1 = {YnBsaXN0MDDSAQIDBFxyZWxhdGl2ZVBhdGhZYWxpYXNEYXRhXmxpdGVyYXR1cmEuYmliTxEBigAAAAABigACAAAMTWFjaW50b3NoIEhEAAAAAAAAAAAAAAAAAAAA4St6HkJEAAH/////DmxpdGVyYXR1cmEuYmliAAAAAAAAAAAAAAAAAAAAAAAAAAAAAAAAAAAAAAAAAAAAAAAAAAAAAAAAAAAAAAAAAP/////hOyJYAAAAAAAAAAAAAQACAAAKIGN1AAAAAAAAAAAAAAAAAApDdmmLZW5pZSAyAAIARy86VXNlcnM6emRlbmtvX2thbm9zOkRvY3VtZW50czpTVFUtRklJVDpNSVA6Q3ZpY8yMZW5pZSAyOmxpdGVyYXR1cmEuYmliAAAOAB4ADgBsAGkAdABlAHIAYQB0AHUAcgBhAC4AYgBpAGIADwAaAAwATQBhAGMAaQBuAHQAbwBzAGgAIABIAEQAEgBFVXNlcnMvemRlbmtvX2thbm9zL0RvY3VtZW50cy9TVFUtRklJVC9NSVAvQ3ZpY8yMZW5pZSAyL2xpdGVyYXR1cmEuYmliAAATAAEvAAAVAAIAE///AAAACAANABoAJAAzAAAAAAAAAgEAAAAAAAAABQAAAAAAAAAAAAAAAAAAAcE=}}

@techreport{Kang:FODA,
	address = {Pittsburgh, USA},
	author = {Kyo C. Kang and Sholom G. Cohen and James A. Hess and William E. Novak and A. Spencer Peterson},
	institution = {Software Engineering Institute, Carnegie Mellon University},
	month = nov,
	number = {CMU/SEI-90-TR-21},
	title = {Feature-Oriented Domain Analysis ({FODA}): A Feasibility Study},
	year = 1990}

@misc{PLP-Framework,
	author = {Software Engineering Institute, Carnegie Mellon University},
	howpublished = {\url{http://www.sei.cmu.edu/productlines/frame_report/}},
	title = {A Framework for Software Product Line Practice---Version 5.0}}
